<record><leader>00000cas a22000007a 4500</leader><controlfield tag="001">12169251</controlfield><controlfield tag="008">850618d18721874ohuwr ne      0    0eng d</controlfield><datafield ind1=" " ind2=" " tag="010"><subfield code="a">sn 85026340 </subfield></datafield><datafield ind1=" " ind2=" " tag="040"><subfield code="a">NPX</subfield><subfield code="b">eng</subfield><subfield code="c">NPX</subfield><subfield code="d">OCLCQ</subfield></datafield><datafield ind1=" " ind2=" " tag="042"><subfield code="a">msc</subfield></datafield><datafield ind1="0" ind2="4" tag="245"><subfield code="a">The Xenia enterprise.</subfield></datafield><datafield ind1=" " ind2=" " tag="260"><subfield code="a">Xenia [Ohio] :</subfield><subfield code="b">John Fahey</subfield></datafield><datafield ind1=" " ind2=" " tag="300"><subfield code="a">v.</subfield></datafield><datafield ind1=" " ind2=" " tag="310"><subfield code="a">Weekly</subfield></datafield><datafield ind1="1" ind2=" " tag="362"><subfield code="a">Began in 1872?</subfield><subfield code="z">Cf. Gregory, W. Amer. newspapers, 1974.</subfield></datafield><datafield ind1="1" ind2=" " tag="362"><subfield code="a">Ceased in 1874.</subfield></datafield><datafield ind1=" " ind2=" " tag="500"><subfield code="a">Editor: Jas. L. Lantz, &lt;1874&gt;.</subfield></datafield><datafield ind1=" " ind2=" " tag="588"><subfield code="a">Description based on: Vol. 1, no. 24 (Aug. 8, 1874).</subfield></datafield><datafield ind1=" " ind2=" " tag="752"><subfield code="a">United States</subfield><subfield code="b">Ohio</subfield><subfield code="c">Greene</subfield><subfield code="d">Xenia.</subfield></datafield><datafield ind1="0" ind2="0" tag="785"><subfield code="t">Xenia news (Xenia, Ohio : 1874)</subfield><subfield code="w">(DLC)sn 85026337</subfield></datafield><datafield ind1="1" ind2=" " tag="029"><subfield code="a">AU@</subfield><subfield code="b">000025828316</subfield></datafield></record>